@article{morris1979password,
  title={Password security: A case history},
  author={Morris, Robert and Thompson, Ken},
  journal={Communications of the ACM},
  year={1979},
}

@inproceedings{schweitzer2009visualizing,
  title={Visualizing keyboard pattern passwords},
  author={Schweitzer, Dino and Boleng, Jeff and Hughes, Colin and Murphy, Louis},
  booktitle={IEEE VizSec},
  year={2009},
}

@inproceedings{malone2012investigating,
  title={Investigating the distribution of password choices},
  author={Malone, David and Maher, Kevin},
  booktitle={ACM WWW},
  year={2012},
}

@inproceedings{mazurek2013measuring,
  title={Measuring password guessability for an entire university},
  author={Mazurek, Michelle L and Komanduri, Saranga and Vidas, Timothy and Bauer, Lujo and Christin, Nicolas and Cranor, Lorrie Faith and Kelley, Patrick Gage and Shay, Richard and Ur, Blase},
  booktitle={ACM CCS},
  year={2013},
}

@inproceedings{bonneau2012science,
  title={The science of guessing: analyzing an anonymized corpus of 70 million passwords},
  author={Bonneau, Joseph},
  booktitle={IEEE Security \& Privacy},
  year={2012},
}

@inproceedings{florencio2007large,
  title={A large-scale study of web password habits},
  author={Florencio, Dinei and Herley, Cormac},
  booktitle={ACM WWW},
  year={2007},
}

@inproceedings{howe2012psychology,
  title={The psychology of security for the home computer user},
  author={Howe, Adele E and Ray, Indrajit and Roberts, Mark and Urbanska, Malgorzata and Byrne, Zinta},
  booktitle={IEEE Security \& Privacy},
  year={2012},
}

@incollection{bonneau2012birthday,
  title={A birthday present every eleven wallets? The security of customer-chosen banking PINs},
  author={Bonneau, Joseph and Preibusch, S{\"o}ren and Anderson, Ross},
  booktitle={Financial Cryptography and Data Security},
  year={2012},
  publisher={Springer}
}

@article{yan2004password,
  title={Password memorability and security: Empirical results},
  author={Yan, Jeff and Blackwell, Alan and Anderson, Ross and Grant, Alasdair},
  journal={IEEE Security \& Privacy Magazine},
  year={2004},
}

@inproceedings{kuo2006human,
  title={Human selection of mnemonic phrase-based passwords},
  author={Kuo, Cynthia and Romanosky, Sasha and Cranor, Lorrie Faith},
  booktitle={ACM SOUPS},
  year={2006},
}

@inproceedings{veras2012visualizing,
  title={Visualizing semantics in passwords: The role of dates},
  author={Veras, Rafael and Thorpe, Julie and Collins, Christopher},
  booktitle={IEEE VizSec},
  year={2012},
}

@inproceedings{das2014tangled,
  title={The tangled web of password reuse},
  author={Das, Anupam and Bonneau, Joseph and Caesar, Matthew and Borisov, Nikita and Wang, XiaoFeng},
  booktitle={NDSS},
  year={2014}
}

@inproceedings{li2014large,
  title={A large-scale empirical analysis of chinese web passwords},
  author={Li, Zhigong and Han, Weili and Xu, Wenyuan},
  booktitle={Proc. USENIX Security},
  year={2014}
}

@inproceedings{weir2010testing,
  title={Testing metrics for password creation policies by attacking large sets of revealed passwords},
  author={Weir, Matt and Aggarwal, Sudhir and Collins, Michael and Stern, Henry},
  booktitle={ACM CCS},
  year={2010},
}

@inproceedings{massey1994guessing,
  title={Guessing and entropy},
  author={Massey, James L},
  booktitle={IEEE International Symposium on Information Theory},
  year={1994},
}

@inproceedings{kelley2012guess,
  title={Guess again (and again and again): Measuring password strength by simulating password-cracking algorithms},
  author={Kelley, Patrick Gage and Komanduri, Saranga and Mazurek, Michelle L and Shay, Richard and Vidas, Timothy and Bauer, Lujo and Christin, Nicolas and Cranor, Lorrie Faith and Lopez, Julio},
  booktitle={IEEE Security \& Privacy},
  year={2012},
}

@phdthesis{cachin1997entropy,
  title={Entropy measures and unconditional security in cryptography},
  author={Cachin, Christian},
  year={1997},
  school={Swiss Federal Institute of Technology Zurich}
}

@incollection{pliam2000incomparability,
  title={On the incomparability of entropy and marginal guesswork in brute-force attacks},
  author={Pliam, John O},
  booktitle={Progress in Cryptology-INDOCRYPT},
  year={2000},
}

@article{boztas1999entropies,
  title={Entropies, guessing, and cryptography},
  author={Boztas, S},
  journal={Department of Mathematics, Royal Melbourne Institute of Technology, Tech. Rep},
  year={1999},
}

@article{hellman1980cryptanalytic,
  title={A cryptanalytic time-memory trade-off},
  author={Hellman, Martin E},
  journal={IEEE Transactions on Information Theory},
  year={1980},
}

@incollection{oechslin2003making,
  title={Making a faster cryptanalytic time-memory trade-off},
  author={Oechslin, Philippe},
  booktitle={Advances in Cryptology-CRYPTO 2003},
  year={2003},
}

@inproceedings{narayanan2005fast,
  title={Fast dictionary attacks on passwords using time-space tradeoff},
  author={Narayanan, Arvind and Shmatikov, Vitaly},
  booktitle={ACM CCS},
  year={2005},
}

@inproceedings{weir2009password,
  title={Password cracking using probabilistic context-free grammars},
  author={Weir, Matt and Aggarwal, Sudhir and De Medeiros, Breno and Glodek, Bill},
  booktitle={IEEE Security \& Privacy},
  year={2009},
}

@inproceedings{veras2014semantic,
  title={On the semantic patterns of passwords and their security impact},
  author={Veras, Rafael and Collins, Christopher and Thorpe, Julie},
  booktitle={NDSS},
  year={2014}
}

@inproceedings{balzarotti2008clearshot,
  title={Clearshot: Eavesdropping on keyboard input from video},
  author={Balzarotti, Davide and Cova, Marco and Vigna, Giovanni},
  booktitle={IEEE Security \& Privacy},
  year={2008},
}

@article{castelluccia2013privacy,
  title={When privacy meets security: Leveraging personal information for password cracking},
  author={Castelluccia, Claude and Chaabane, Abdelberi and D{\"u}rmuth, Markus and Perito, Daniele},
  journal={arXiv preprint arXiv:1304.6584},
  year={2013}
}

@inproceedings{gaw2006password,
  title={Password management strategies for online accounts},
  author={Gaw, Shirley and Felten, Edward W},
  booktitle={ACM SOUPS},
  year={2006},
}

@inproceedings{castelluccia2012adaptive,
  title={Adaptive Password-Strength Meters from Markov Models.},
  author={Castelluccia, Claude and D{\"u}rmuth, Markus and Perito, Daniele},
  booktitle={NDSS},
  year={2012}
}

@inproceedings{de2014very,
  title={From very weak to very strong: Analyzing password-strength meters},
  author={de Carnavalet, X de Carn{\'e} and Mannan, Mohammad},
  booktitle={NDSS},
  year={2014}
}
@inproceedings{bonneau2012quest,
  title={The quest to replace passwords: A framework for comparative evaluation of web authentication schemes},
  author={Bonneau, Joseph and Herley, Cormac and Van Oorschot, Paul C and Stajano, Frank},
  booktitle={IEEE Security \& Privacy},
  year={2012},
}

@inproceedings{pinkas2002securing,
  title={Securing passwords against dictionary attacks},
  author={Pinkas, Benny and Sander, Tomas},
  booktitle={ACM CCS},
  year={2002},
}
@inproceedings{schechter2009s,
  title={It's No Secret. Measuring the Security and Reliability of Authentication via ``Secret" Questions},
  author={Schechter, Stuart and Brush, AJ Bernheim and Egelman, Serge},
  booktitle={IEEE Security \& Privacy},
  year={2009},
}
@inproceedings{brainard2006fourth,
  title={Fourth-factor authentication: somebody you know},
  author={Brainard, John and Juels, Ari and Rivest, Ronald L and Szydlo, Michael and Yung, Moti},
  booktitle={ACM CCS},
  year={2006},
}
@inproceedings{davis2004user,
  title={On User Choice in Graphical Password Schemes.},
  author={Davis, Darren and Monrose, Fabian and Reiter, Michael K},
  booktitle={USENIX Security},
  year={2004}
}
@inproceedings{jermyn1999design,
  title={The Design and Analysis of Graphical Passwords.},
  author={Jermyn, Ian and Mayer, Alain J and Monrose, Fabian and Reiter, Michael K and Rubin, Aviel D and others},
  booktitle={Usenix Security},
  year={1999},
}
@article{jain2006biometrics,
  title={Biometrics: a tool for information security},
  author={Jain, Anil K and Ross, Arun and Pankanti, Sharath},
  journal={IEEE Transactions on Information Forensics and Security},
  year={2006},
}

@inproceedings{komanduri2014telepathwords,
  title={Telepathwords: Preventing weak passwords by reading users' minds},
  author={Komanduri, Saranga and Shay, Richard and Cranor, Lorrie Faith and Herley, Cormac and Schechter, Stuart},
  booktitle={USENIX Security},
  year={2014},
}

 
 @inproceedings{cao2014personalized,
  title={Personalized password guessing: a new security threat},
  author={Cao, Phuong and Li, Hongyang and Nahrstedt, Klara and Kalbarczyk, Zbigniew and Iyer, Ravishankar and Slagell, Adam J},
  booktitle={ACM Proceedings of the 2014 Symposium and Bootcamp on the Science of Security},
  year={2014},
}


@book{Kaufman-textbook,
 author = {Kaufman, Charlie and Perlman, Radia and Speciner, Mike},
 title = {{Network Security: Private Communication in a Public World}},
 year = {1995},
 isbn = {0-13-061466-1},
 publisher = {Prentice-Hall, Inc.}
} 

@inproceedings{krishnamurthy2009leakage,
  title={On the leakage of personally identifiable information via online social networks},
  author={Krishnamurthy, Balachander and Wills, Craig E},
  booktitle={ACM COSN},
  year={2009},
}

@inproceedings{gross2005information,
  title={Information revelation and privacy in online social networks},
  author={Gross, Ralph and Acquisti, Alessandro},
  booktitle={ACM WPES},
  year={2005},
}